<record><leader>00000cas a2200000 a 4500</leader><controlfield tag="001">33827434</controlfield><controlfield tag="007">hd bfu---baat</controlfield><controlfield tag="007">hd afu---bact</controlfield><controlfield tag="008">951130d188u1900nbucr nea     0    0eng d</controlfield><datafield ind1=" " ind2=" " tag="010"><subfield code="a">sn 95070083 </subfield></datafield><datafield ind1=" " ind2=" " tag="040"><subfield code="a">NVG</subfield><subfield code="b">eng</subfield><subfield code="c">NVG</subfield><subfield code="d">OCL</subfield><subfield code="d">OCLCQ</subfield><subfield code="d">OCLCF</subfield><subfield code="d">OCLCO</subfield><subfield code="d">OCLCQ</subfield></datafield><datafield ind1=" " ind2=" " tag="042"><subfield code="a">msc</subfield></datafield><datafield ind1=" " ind2=" " tag="043"><subfield code="a">n-us-nb</subfield></datafield><datafield ind1="0" ind2="0" tag="245"><subfield code="a">North Platte telegraph.</subfield></datafield><datafield ind1="1" ind2="3" tag="246"><subfield code="a">Lincoln County telegraph</subfield></datafield><datafield ind1=" " ind2=" " tag="260"><subfield code="a">North Platte, Neb. :</subfield><subfield code="b">T.O. Patterson</subfield></datafield><datafield ind1=" " ind2=" " tag="300"><subfield code="a">volumes</subfield></datafield><datafield ind1=" " ind2=" " tag="310"><subfield code="a">Semiweekly,</subfield><subfield code="b">&lt;Mar. 3, 1899-June 5, 1900&gt;</subfield></datafield><datafield ind1=" " ind2=" " tag="321"><subfield code="a">Weekly,</subfield><subfield code="b">&lt;Apr. 10, 1884-Dec. 10, 1898&gt;</subfield></datafield><datafield ind1=" " ind2=" " tag="336"><subfield code="a">text</subfield><subfield code="b">txt</subfield><subfield code="2">rdacontent</subfield></datafield><datafield ind1=" " ind2=" " tag="337"><subfield code="a">microform</subfield><subfield code="b">h</subfield><subfield code="2">rdamedia</subfield></datafield><datafield ind1=" " ind2=" " tag="338"><subfield code="a">microfilm reel</subfield><subfield code="b">hd</subfield><subfield code="2">rdacarrier</subfield></datafield><datafield ind1="1" ind2=" " tag="362"><subfield code="a">Ceased in June 1900.</subfield></datafield><datafield ind1=" " ind2=" " tag="515"><subfield code="a">Extra issue published May 5, 1900 and numbered consecutively.</subfield></datafield><datafield ind1=" " ind2=" " tag="515"><subfield code="a">Issues for Apr. 6-&lt;June 5, 1900&gt; called vol. 32, no. 2-v. 32, no. 17.</subfield></datafield><datafield ind1=" " ind2=" " tag="580"><subfield code="a">Other eds.: North Platte daily telegraph, Mar. 1896-&lt;July 5, 1898&gt;, and: Daily telegraph (North Platte, Neb.), &lt;Jan. 31, 1899-June 5, 1900&gt;.</subfield></datafield><datafield ind1=" " ind2=" " tag="588"><subfield code="a">Description based on: Vol. 3, no. 51 (Apr. 10, 1884).</subfield></datafield><datafield ind1=" " ind2=" " tag="533"><subfield code="a">Microfilm.</subfield><subfield code="m">1884-1887,1889-1900:[Gaps]</subfield><subfield code="b">Lincoln, Neb. :</subfield><subfield code="c">Nebraska State Historical Society.</subfield><subfield code="e">3 microfilm reels ; 35 mm.</subfield></datafield><datafield ind1=" " ind2="0" tag="651"><subfield code="a">North Platte (Neb.)</subfield><subfield code="v">Newspapers.</subfield></datafield><datafield ind1=" " ind2="7" tag="651"><subfield code="a">Nebraska</subfield><subfield code="z">North Platte.</subfield><subfield code="2">fast</subfield><subfield code="0">(OCoLC)fst01217684</subfield></datafield><datafield ind1=" " ind2="7" tag="655"><subfield code="a">Newspapers.</subfield><subfield code="2">fast</subfield><subfield code="0">(OCoLC)fst01423814</subfield></datafield><datafield ind1=" " ind2=" " tag="752"><subfield code="a">United States</subfield><subfield code="b">Nebraska</subfield><subfield code="c">Lincoln</subfield><subfield code="d">North Platte.</subfield></datafield><datafield ind1="1" ind2=" " tag="775"><subfield code="t">North Platte daily telegraph</subfield><subfield code="w">(DLC)sn 95070153</subfield></datafield><datafield ind1="1" ind2=" " tag="775"><subfield code="t">Daily telegraph (North Platte, Neb.)</subfield><subfield code="w">(DLC)sn 95070154</subfield></datafield><datafield ind1="0" ind2="0" tag="780"><subfield code="t">Telegraph (North Platte, Neb.)</subfield><subfield code="w">(DLC)sn 95070082</subfield></datafield><datafield ind1="0" ind2="0" tag="785"><subfield code="t">Semi-weekly telegraph (North Platte, Neb.)</subfield><subfield code="w">(DLC)sn 95070085</subfield></datafield><datafield ind1="1" ind2=" " tag="029"><subfield code="a">AU@</subfield><subfield code="b">000022290670</subfield></datafield></record>